@thesis{budi2018,
    author    = {Ari Setya Budi},
    title     = {Perencanaan Busway untuk Mendukung Bus Rapid Transit antara Terminal Purabaya sampai Terminal Joyoboyo},
    year      = {2018},
    school    = {Institut Teknologi Sepuluh Nopember},
    address   = {Surabaya},
    type      = {Tugas Akhir},
    advisor   = {Ir. Wahju Herijanto, MT.},
    department = {Departemen Teknik Sipil, Fakultas Teknik Sipil, Lingkungan, dan Kebumian},
}

@article{Arum2015,
  author    = {Arum, S. & Samin},
  title     = {Analisa Tarif Angkutan Umum Berdasarkan Biaya Operasional Kendaraan, ATP dan WTP},
  journal   = {Jurnal Media Teknik Sipil},
  volume    = {12},
  number    = {2},
  year      = {2015},
}

@book{butkovic2010maxplus,
  author = {Butkoviƒç, Peter},
  title = {Max-Linear Systems: Theory and Algorithms},
  publisher = {Springer},
  year = {2010},
  address = {London},
  isbn = {978-1-84882-425-8}
}

@book{heidergott,
    author    = {B. Heidergott and G.J. Olsder and J. van der Woude},
    title     = {Max Plus at Work: Modelling and Analysis of Synchronized Systems: A Course on Max-Plus Algebra and Its Applications},
    year      = {2006},
    publisher = {Princeton University Press}
}

@book{cassandras,
    author    = {C. Cassandras and S. Lafortune},
    title     = {Introduction to Discrete Event Systems},
    year      = {1999},
    publisher = {Kluwer Academic Publisher}
}

@book{baccelli,
    author    = {F. Baccelli and G. Cohen and G.J. Olsder and J.-P. Quadrat},
    title     = {Synchronization and Linearity: An Algebra for Discrete Event Systems},
    year      = {1992},
    publisher = {Wiley}
}

@book{subiono2015minmaxplus,
  author    = {Subiono},
  title     = {Aljabar Min-Max Plus dan Terapannya},
  year      = {2015},
  version   = {3.0.0},
  address   = {Institut Teknologi Sepuluh Nopember, Surabaya, Indonesia},
  publisher = {Jurusan Matematika, Institut Teknologi Sepuluh Nopember},
  note      = {Available at: subiono2008@matematika.its.ac.id},
}

@article{subionopower,
    author    = {Subiono and J. van der Woude},
    title     = {Power Algorithms for (max,+)- and Bipartite (min,max,+)-systems},
    journal   = {Discrete Event Dynamic Systems: Theory and Applications},
    year      = {2000},
    volume    = {10},
    number    = {4},
    pages     = {369-389}
}

@phdthesis{subionophd,
    author    = {Subiono},
    title     = {On Classes of Min-Max-Plus Systems and Their Application},
    year      = {2000},
    school    = {Delft University of Technology, the Netherlands}
}