@article{suryadi2019,
  author    = {Sudi Suryadi},
  title     = {Peranan Perkembangan Teknologi Informasi dan Komunikasi dalam Kegiatan Pembelajaran dan Perkembangan Dunia Pendidikan},
  journal   = {Jurnal Informatika},
  volume    = {3},
  number    = {3},
  pages     = {9--19},
  year      = {2019},
  doi       = {10.36987/informatika.v3i3.219},
}

@article{mustafidah2010,
  author    = {Hindayati Mustafidah and Dwi Aryanto},
  title     = {Pengembangan Media Pembelajaran Digital Interaktif Kalkulus-II dalam Peningkatan Prestasi Belajar Mahasiswa},
  journal   = {Techno},
  volume    = {11},
  number    = {2},
  pages     = {84--93},
  year      = {2010},
}

@article{rahmawati2018,
  author    = {Wulandestari Rahmawati and M. Mata},
  title     = {Pengembangan Media Pembelajaran Berbasis Multimedia pada Materi Kalkulus},
  journal   = {UNION: Jurnal Ilmiah Pendidikan Matematika},
  volume    = {6},
  number    = {3},
  pages     = {277--286},
  year      = {2018},
  doi       = {10.30738/union.v6i3.2985},
}

@article{rahadian2017,
  author    = {Dian Rahadian},
  title     = {Teknologi Informasi dan Komunikasi (TIK) dan Kompetensi Teknologi Pembelajaran untuk Pengajaran yang Berkualitas},
  journal   = {Jurnal Teknologi Pendidikan dan Pembelajaran},
  volume    = {2},
  number    = {1},
  pages     = {234--254},
  year      = {2017},
  doi       = {10.31980/tp.v2i1.114},
}

@article{sharma2024,
  author    = {R. Sharma},
  title     = {Modern Web Development using CSS \& HTML},
  journal   = {International Journal of Engineering Science and Computing},
  volume    = {12},
  number    = {6},
  pages     = {1--5},
  year      = {2024},
}

@article{hasan2022,
  author    = {Hasan, Md. Mahmudul},
  title     = {Comparative Study of Website Design by CSS and Table-Based Layouts},
  journal   = {International Journal of Advanced Computer Science and Applications (IJACSA)},
  volume    = {13},
  number    = {7},
  pages     = {564--571},
  year      = {2022},
}

@article{mamat2023use,
  title={The Use of Google Forms in Teaching and Learning Based on Teachers' Perspective},
  author={Mamat, N. and Azahari, M. and Rahimi, R.},
  journal={International Journal of Academic Research in Business and Social Sciences},
  volume={13},
  number={12},
  pages={3348--3358},
  year={2023},
  publisher={Human Resource Management Academic Research Society}
}

@article{visser2023student,
  title={The Student's Perception of The Use of The Google Form Application for Assessment at Senior High School},
  author={Visser, L.E. and Mustofa, M. and Elfiyanto, S.},
  journal={BRILIANT: Jurnal Riset dan Konseptual},
  volume={8},
  number={4},
  pages={},
  year={2023},
  publisher={Universitas Islam Malang}
}

@article{insana2021pengembangan,
  title={Pengembangan Media Pembelajaran Fisika Berbantuan JavaScript pada Materi Pokok Listrik Statis},
  author={Insana, Nur and Erniwati and Alfat, Sayahdin},
  journal={Jurnal Pendidikan Fisika},
  volume={9},
  number={2},
  pages={123--130},
  year={2021},
  publisher={Universitas Negeri Makassar}
}

@misc{cortexjs2025,
  title={CortexJS: JavaScript Library for Mathematical Expressions},
  author={Arno Gourdol and Contributors},
  year={2025},
  howpublished={\url{https://cortexjs.io/}},
  note={Diakses pada 29 Mei 2025}
}

@article{rahmawati2021penerapan,
  title={Penerapan GitHub sebagai Media E-Learning untuk Meningkatkan Kolaborasi Proyek Siswa pada Mata Pelajaran Pemrograman Website},
  author={Rahmawati, Siti and Prasetyo, Budi and Lestari, Dian},
  journal={Jurnal Teknologi Informasi dan Pendidikan},
  volume={14},
  number={1},
  pages={45--52},
  year={2021},
  publisher={Universitas Negeri Surabaya}
}
