@thesis{budi2018,
    author    = {Ari Setya Budi},
    title     = {Perencanaan Busway untuk Mendukung Bus Rapid Transit antara Terminal Purabaya sampai Terminal Joyoboyo},
    year      = {2018},
    school    = {Institut Teknologi Sepuluh Nopember},
    address   = {Surabaya},
    type      = {Tugas Akhir},
    advisor   = {Ir. Wahju Herijanto, MT.},
    department = {Departemen Teknik Sipil, Fakultas Teknik Sipil, Lingkungan, dan Kebumian},
}

@article{Arum2015,
  author    = {Arum, S. & Samin},
  title     = {Analisa Tarif Angkutan Umum Berdasarkan Biaya Operasional Kendaraan, ATP dan WTP},
  journal   = {Jurnal Media Teknik Sipil},
  volume    = {12},
  number    = {2},
  year      = {2015},
}

@book{butkovic2010maxplus,
  author = {Butkoviƒç, Peter},
  title = {Max-Linear Systems: Theory and Algorithms},
  publisher = {Springer},
  year = {2010},
  address = {London},
  isbn = {978-1-84882-425-8}
}

@book{heidergott,
    author    = {B. Heidergott and G.J. Olsder and J. van der Woude},
    title     = {Max Plus at Work: Modelling and Analysis of Synchronized Systems: A Course on Max-Plus Algebra and Its Applications},
    year      = {2006},
    publisher = {Princeton University Press}
}

@book{cassandras,
    author    = {C. Cassandras and S. Lafortune},
    title     = {Introduction to Discrete Event Systems},
    year      = {1999},
    publisher = {Kluwer Academic Publisher}
}

@book{baccelli,
    author    = {F. Baccelli and G. Cohen and G.J. Olsder and J.-P. Quadrat},
    title     = {Synchronization and Linearity: An Algebra for Discrete Event Systems},
    year      = {1992},
    publisher = {Wiley}
}

@book{subiono2015minmaxplus,
  author    = {Subiono},
  title     = {Aljabar Min-Max Plus dan Terapannya},
  year      = {2015},
  version   = {3.0.0},
  address   = {Institut Teknologi Sepuluh Nopember, Surabaya, Indonesia},
  publisher = {Jurusan Matematika, Institut Teknologi Sepuluh Nopember},
  note      = {Available at: subiono2008@matematika.its.ac.id},
}

@article{subionopower,
    author    = {Subiono and J. van der Woude},
    title     = {Power Algorithms for (max,+)- and Bipartite (min,max,+)-systems},
    journal   = {Discrete Event Dynamic Systems: Theory and Applications},
    year      = {2000},
    volume    = {10},
    number    = {4},
    pages     = {369-389}
}

@phdthesis{subionophd,
    author    = {Subiono},
    title     = {On Classes of Min-Max-Plus Systems and Their Application},
    year      = {2000},
    school    = {Delft University of Technology, the Netherlands}
}

@article{andro2020,
  author    = {Andro Kurniawan and Ari Suparwanto},
  title     = {Sistem Persamaan Linear Max-Plus dan Terapannya pada Sistem Jaringan Kereta Api},
  journal   = {Jurnal Matematika Thales (JMT)},
  volume    = {2},
  number    = {1},
  year      = {2020},
}

@article{primadhanny2023pengaruhsuroboyobus,
author = {Primadhanny, Whildan and Hariyoko, Yusuf and Puspaningtyas, Anggraeny},
year = {2023},
month = {12},
pages = {175-197},
title = {Pengaruh Kualitas Layanan Transportasi Suroboyo Bus Terhadap Peningkatan Kepuasan Masyarakat Kota Surabaya},
volume = {5},
journal = {JOURNAL OF ADMINISTRATIVE AND SOCIAL SCIENCE},
doi = {10.55606/jass.v5i1.925}
}

@article{kusuma2020suroboyobusUU,
author = {Kusuma, Bagas},
year = {2020},
month = {06},
pages = {1519},
title = {Suroboyo Bus Sebagai Angkutan Umum Di Surabaya Berdasarkan Undang-Undang No. 22 Tahun 2009 Tentang Lalu Lintas Dan Angkutan Jalan},
volume = {3},
journal = {Jurist-Diction},
doi = {10.20473/jd.v3i4.20218}
}

@online{jawapos2024suroboyobus,
    author = {Jawa Pos},
    title = {Suroboyo Bus Tambah Rute Baru ke Romokalisari Adventure Land},
    year = {2024},
    url = {https://www.jawapos.com/surabaya-raya/01412782/suroboyo-bus-tambah-rute-baru-ke-romokalisari-adventure-land},
    note = {Diakses pada: 2 Desember 2024},
    howpublished = {Website}
}

@online{wikipedia2024suroboyobus,
    author = {Wikipedia},
    title = {Suroboyo Bus},
    year = {2024},
    url = {https://id.wikipedia.org/wiki/Suroboyo_Bus},
    note = {Diakses pada: 2 Desember 2024},
    howpublished = {Website}
}

@misc{AfwanGiri2023PemodelanMaxPlus,
  author    = {Afwan Giri Firdaus},
  title     = {Pemodelan Lalu Lintas dan Penjadwalan Bus Trans Semarang dengan Petri Net dan Aljabar Max Plus},
  year      = {2023},
  note      = {Nota Dinas},
  institution = {UIN Walisongo},
  address   = {Semarang},
  month     = {Juli},
  day       = {21},
}