@book{subiono2015minmaxplus,
  author    = {Subiono},
  title     = {Aljabar Min-Max Plus dan Terapannya},
  year      = {2015},
  version   = {3.0.0},
  address   = {Institut Teknologi Sepuluh Nopember, Surabaya, Indonesia},
  publisher = {Jurusan Matematika, Institut Teknologi Sepuluh Nopember},
  note      = {Available at: subiono2008@matematika.its.ac.id},
}

@misc{linde2014matricescommutinggivennormal,
      title={Matrices commuting with a given normal tropical matrix}, 
      author={J. Linde and M. J. de la Puente},
      year={2014},
      eprint={1209.0660},
      archivePrefix={arXiv},
      primaryClass={math.RA},
      url={https://arxiv.org/abs/1209.0660}, 
}

@misc{alhussaini2024securityinitialtropical,
      author = {Sulaiman Alhussaini and Serge˘ı Sergeev},
      title = {On the security of the initial tropical Stickel protocol and its modification based on Linde-de la Puente matrices},
      howpublished = {Cryptology {ePrint} Archive, Paper 2024/1598},
      year = {2024},
      url = {https://eprint.iacr.org/2024/1598}
}

@misc{alhussaini2024implementationstickel,
      author = {Sulaiman Alhussaini and Serge˘ı Sergeev},
      title = {On implementation of Stickel's key exchange protocol over max-min and max-$T$ semirings},
      howpublished = {Cryptology {ePrint} Archive, Paper 2024/519},
      year = {2024},
      url = {https://eprint.iacr.org/2024/519}
}

@article{ziaulhaq2023protokol, 
title={Protokol Otentikasi Menggunakan Konstruksi Matriks Komutatif Atas Matriks Aljabar Max-Plus}, 
volume={12}, 
url={https://fourier.or.id/index.php/FOURIER/article/view/182}, 
DOI={10.14421/fourier.2023.122.51-59}, 
number={2}, 
journal={Jurnal Fourier}, 
author={Mufarij Anna Ziaulhaq and Muhamad Zaki Riyanto}, 
year={2023}, month={Oct.}, pages={51–59} }